%YAML 1.1
%TAG !u! tag:unity3d.com,2011:
--- !u!1 &6695065005751534759
GameObject:
  m_ObjectHideFlags: 0
  m_CorrespondingSourceObject: {fileID: 0}
  m_PrefabInstance: {fileID: 0}
  m_PrefabAsset: {fileID: 0}
  serializedVersion: 6
  m_Component:
  - component: {fileID: 326256602714000080}
  - component: {fileID: 1974787175013641266}
  - component: {fileID: 6291414609277591880}
  - component: {fileID: 4678443792458369095}
  m_Layer: 0
  m_Name: Fireball Pickup
  m_TagString: Untagged
  m_Icon: {fileID: 0}
  m_NavMeshLayer: 0
  m_StaticEditorFlags: 0
  m_IsActive: 1
--- !u!4 &326256602714000080
Transform:
  m_ObjectHideFlags: 0
  m_CorrespondingSourceObject: {fileID: 0}
  m_PrefabInstance: {fileID: 0}
  m_PrefabAsset: {fileID: 0}
  m_GameObject: {fileID: 6695065005751534759}
  m_LocalRotation: {x: 0, y: 0, z: 0, w: 1}
  m_LocalPosition: {x: 17.2, y: 0.03072846, z: 25.705927}
  m_LocalScale: {x: 1, y: 1, z: 1}
  m_Children:
  - {fileID: 2322640277692977275}
  m_Father: {fileID: 0}
  m_RootOrder: 0
  m_LocalEulerAnglesHint: {x: 0, y: 0, z: 0}
--- !u!135 &1974787175013641266
SphereCollider:
  m_ObjectHideFlags: 0
  m_CorrespondingSourceObject: {fileID: 0}
  m_PrefabInstance: {fileID: 0}
  m_PrefabAsset: {fileID: 0}
  m_GameObject: {fileID: 6695065005751534759}
  m_Material: {fileID: 0}
  m_IsTrigger: 1
  m_Enabled: 1
  serializedVersion: 2
  m_Radius: 0.7
  m_Center: {x: 0, y: 0.04, z: 0.6}
--- !u!114 &6291414609277591880
MonoBehaviour:
  m_ObjectHideFlags: 0
  m_CorrespondingSourceObject: {fileID: 0}
  m_PrefabInstance: {fileID: 0}
  m_PrefabAsset: {fileID: 0}
  m_GameObject: {fileID: 6695065005751534759}
  m_Enabled: 1
  m_EditorHideFlags: 0
  m_Script: {fileID: 11500000, guid: 87b4acc90aa6a4cafa2c069c52dab662, type: 3}
  m_Name: 
  m_EditorClassIdentifier: 
  thisWeapon: {fileID: 11400000, guid: 7b764f4af1a4d4a2d9951662a7ddcf4f, type: 2}
--- !u!54 &4678443792458369095
Rigidbody:
  m_ObjectHideFlags: 0
  m_CorrespondingSourceObject: {fileID: 0}
  m_PrefabInstance: {fileID: 0}
  m_PrefabAsset: {fileID: 0}
  m_GameObject: {fileID: 6695065005751534759}
  serializedVersion: 2
  m_Mass: 1
  m_Drag: 0
  m_AngularDrag: 0.05
  m_UseGravity: 0
  m_IsKinematic: 0
  m_Interpolate: 0
  m_Constraints: 0
  m_CollisionDetection: 0
--- !u!1001 &2322640277692487795
PrefabInstance:
  m_ObjectHideFlags: 0
  serializedVersion: 2
  m_Modification:
    m_TransformParent: {fileID: 326256602714000080}
    m_Modifications:
    - target: {fileID: 142994, guid: d6389bfdb7e456640b3a45339aac60a4, type: 3}
      propertyPath: m_Name
      value: SM_Env_Flower_01
      objectReference: {fileID: 0}
    - target: {fileID: 493576, guid: d6389bfdb7e456640b3a45339aac60a4, type: 3}
      propertyPath: m_LocalPosition.x
      value: 0
      objectReference: {fileID: 0}
    - target: {fileID: 493576, guid: d6389bfdb7e456640b3a45339aac60a4, type: 3}
      propertyPath: m_LocalPosition.y
      value: -0.016
      objectReference: {fileID: 0}
    - target: {fileID: 493576, guid: d6389bfdb7e456640b3a45339aac60a4, type: 3}
      propertyPath: m_LocalPosition.z
      value: 0.561
      objectReference: {fileID: 0}
    - target: {fileID: 493576, guid: d6389bfdb7e456640b3a45339aac60a4, type: 3}
      propertyPath: m_LocalRotation.x
      value: 0
      objectReference: {fileID: 0}
    - target: {fileID: 493576, guid: d6389bfdb7e456640b3a45339aac60a4, type: 3}
      propertyPath: m_LocalRotation.y
      value: 0
      objectReference: {fileID: 0}
    - target: {fileID: 493576, guid: d6389bfdb7e456640b3a45339aac60a4, type: 3}
      propertyPath: m_LocalRotation.z
      value: 0
      objectReference: {fileID: 0}
    - target: {fileID: 493576, guid: d6389bfdb7e456640b3a45339aac60a4, type: 3}
      propertyPath: m_LocalRotation.w
      value: 1
      objectReference: {fileID: 0}
    - target: {fileID: 493576, guid: d6389bfdb7e456640b3a45339aac60a4, type: 3}
      propertyPath: m_RootOrder
      value: 0
      objectReference: {fileID: 0}
    - target: {fileID: 493576, guid: d6389bfdb7e456640b3a45339aac60a4, type: 3}
      propertyPath: m_LocalEulerAnglesHint.x
      value: 0
      objectReference: {fileID: 0}
    - target: {fileID: 493576, guid: d6389bfdb7e456640b3a45339aac60a4, type: 3}
      propertyPath: m_LocalEulerAnglesHint.y
      value: 0
      objectReference: {fileID: 0}
    - target: {fileID: 493576, guid: d6389bfdb7e456640b3a45339aac60a4, type: 3}
      propertyPath: m_LocalEulerAnglesHint.z
      value: 0
      objectReference: {fileID: 0}
    - target: {fileID: 493576, guid: d6389bfdb7e456640b3a45339aac60a4, type: 3}
      propertyPath: m_LocalScale.x
      value: 2
      objectReference: {fileID: 0}
    - target: {fileID: 493576, guid: d6389bfdb7e456640b3a45339aac60a4, type: 3}
      propertyPath: m_LocalScale.y
      value: 2
      objectReference: {fileID: 0}
    - target: {fileID: 493576, guid: d6389bfdb7e456640b3a45339aac60a4, type: 3}
      propertyPath: m_LocalScale.z
      value: 2
      objectReference: {fileID: 0}
    m_RemovedComponents: []
  m_SourcePrefab: {fileID: 100100000, guid: d6389bfdb7e456640b3a45339aac60a4, type: 3}
--- !u!4 &2322640277692977275 stripped
Transform:
  m_CorrespondingSourceObject: {fileID: 493576, guid: d6389bfdb7e456640b3a45339aac60a4,
    type: 3}
  m_PrefabInstance: {fileID: 2322640277692487795}
  m_PrefabAsset: {fileID: 0}
